@article{zhang2010named,
  title={Named data networking (ndn) project},
  author={Zhang, Lixia and Estrin, Deborah and Burke, Jeffrey and Jacobson, Van and Thornton, James D and Smetters, Diana K and Zhang, Beichuan and Tsudik, Gene and Massey, Dan and Papadopoulos, Christos and others},
  journal={Relat{\'o}rio T{\'e}cnico NDN-0001, Xerox Palo Alto Research Center-PARC},
  year={2010}
}

@inproceedings{zhu2013let,
  title={Letâ€™s ChronoSync: Decentralized Dataset State Synchronization in Named Data Networking},
  author={Zhu, Zhenkai and Afanasyev, Alexander},
  booktitle={Proceedings of the 21st IEEE International Conference on Network Protocols (ICNP 2013)},
  year={2013}
}

@article{afanasyev2012ndnsim,
  title={ndnSIM: NDN simulator for NS-3},
  author={Afanasyev, Alexander and Moiseenko, Ilya and Zhang, Lixia and others},
  journal={Named Data Networking (NDN) Project, Tech. Rep. NDN-0005, Rev},
  volume={2},
  year={2012}
}

@article{wang2012ospfn,
  title={OSPFN: An OSPF based routing protocol for Named Data Networking},
  author={Wang, Lan and Hoque, AKMM and Yi, Cheng and Alyyan, Adam and Zhang, Beichuan},
  journal={University of Memphis and University of Arizona, Tech. Rep},
  year={2012}
}

@article{lamport1978time,
  title={Time, clocks, and the ordering of events in a distributed system},
  author={Lamport, Leslie},
  journal={Communications of the ACM},
  volume={21},
  number={7},
  pages={558--565},
  year={1978},
  publisher={ACM}
}

@article{androutsellis2004survey,
  title={A survey of peer-to-peer content distribution technologies},
  author={Androutsellis-Theotokis, Stephanos and Spinellis, Diomidis},
  journal={ACM Computing Surveys (CSUR)},
  volume={36},
  number={4},
  pages={335--371},
  year={2004},
  publisher={ACM}
}

@article{yi2013case,
  title={A case for stateful forwarding plane},
  author={Yi, Cheng and Afanasyev, Alexander and Moiseenko, Ilya and Wang, Lan and Zhang, Beichuan and Zhang, Lixia},
  journal={Computer Communications},
  volume={36},
  number={7},
  pages={779--791},
  year={2013},
  publisher={Elsevier}
}

@article{minsky2003set,
  title={Set reconciliation with nearly optimal communication complexity},
  author={Minsky, Yaron and Trachtenberg, Ari and Zippel, Richard},
  journal={Information Theory, IEEE Transactions on},
  volume={49},
  number={9},
  pages={2213--2218},
  year={2003},
  publisher={IEEE}
}

@article{henderson2008network,
  title={Network simulations with the ns-3 simulator},
  author={Henderson, Thomas R and Lacage, Mathieu and Riley, George F and Dowell, C and Kopena, JB},
  journal={SIGCOMM demonstration},
  year={2008}
}

@inproceedings{zhang2010end,
  title={End-to-end Data Integrity for File Systems: A ZFS Case Study.},
  author={Zhang, Yupu and Rajimwale, Abhishek and Arpaci-Dusseau, Andrea C and Arpaci-Dusseau, Remzi H},
  booktitle={FAST},
  pages={29--42},
  year={2010}
}

@misc{tridgell1996rsync,
  title={The rsync algorithm},
  author={Tridgell, Andrew and Mackerras, Paul and others},
  year={1996}
}

@inproceedings{muthitacharoen2001low,
  title={A low-bandwidth network file system},
  author={Muthitacharoen, Athicha and Chen, Benjie and Mazieres, David},
  booktitle={ACM SIGOPS Operating Systems Review},
  volume={35},
  number={5},
  pages={174--187},
  year={2001},
  organization={ACM}
}
